
@inproceedings{b,
   author =    {Pinco, Pallino AND Pinco, Pallino},
   title =     {Titolo articolo},
   booktitle = {Titolo libro o proceedings},
   editor =    {Pinco, Pallino},
   year =      2004,
   address =   {Citta},
   publisher = {Casa editrice},
}

@misc{asd,
  title = {Sito XYZ},
  author = {Guerra},
  note = {\texttt{http://jquerymobile.com}},
  year = {2012}
} 
